<record><leader>00000cas a2200000 a 4500</leader><controlfield tag="001">14052574</controlfield><controlfield tag="008">860806d18381867pauwr ne      0    0eng c</controlfield><datafield ind1=" " ind2=" " tag="010"><subfield code="a">sn 86081709 </subfield></datafield><datafield ind1=" " ind2=" " tag="040"><subfield code="a">NPH</subfield><subfield code="b">eng</subfield><subfield code="c">NPH</subfield><subfield code="d">DLC</subfield><subfield code="d">NYS</subfield><subfield code="d">DLC</subfield><subfield code="d">OCLCQ</subfield><subfield code="d">OCLCF</subfield></datafield><datafield ind1="1" ind2=" " tag="029"><subfield code="a">AU@</subfield><subfield code="b">000020437581</subfield></datafield><datafield ind1=" " ind2=" " tag="042"><subfield code="a">pcc</subfield></datafield><datafield ind1=" " ind2=" " tag="043"><subfield code="a">n-us-pa</subfield></datafield><datafield ind1="0" ind2="0" tag="050"><subfield code="a">Newspaper 9375-X</subfield></datafield><datafield ind1="0" ind2=" " tag="130"><subfield code="a">Lycoming gazette (Williamsport, Pa. : 1838)</subfield></datafield><datafield ind1="1" ind2="0" tag="245"><subfield code="a">Lycoming gazette.</subfield></datafield><datafield ind1=" " ind2=" " tag="260"><subfield code="a">Williamsport, Pa. :</subfield><subfield code="b">C.D. Eldred</subfield></datafield><datafield ind1=" " ind2=" " tag="300"><subfield code="a">v. ;</subfield><subfield code="c">61 cm.</subfield></datafield><datafield ind1=" " ind2=" " tag="310"><subfield code="a">Weekly</subfield></datafield><datafield ind1="1" ind2=" " tag="362"><subfield code="a">Began in 1838; ceased in 1867.</subfield><subfield code="z">Cf. Meginness, J. History of Lycoming Co., Pa.</subfield></datafield><datafield ind1=" " ind2=" " tag="515"><subfield code="a">Issues for &lt;Oct. 31, 1838-Feb. 14, 1839&gt; called also &lt;whole no. 1591-whole no. 1604&gt;.</subfield></datafield><datafield ind1=" " ind2=" " tag="515"><subfield code="a">In 1840 publishers started a new numbering.</subfield></datafield><datafield ind1=" " ind2=" " tag="530"><subfield code="a">Available on microfilm from Microfilm Corp. of Pa., Pittsburgh, Pa.</subfield></datafield><datafield ind1=" " ind2=" " tag="588"><subfield code="a">Description based on: New ser., v. 1, no. 16 (Oct. 31, 1838).</subfield></datafield><datafield ind1=" " ind2="0" tag="651"><subfield code="a">Williamsport (Pa.)</subfield><subfield code="v">Newspapers.</subfield></datafield><datafield ind1=" " ind2="0" tag="651"><subfield code="a">Lycoming County (Pa.)</subfield><subfield code="v">Newspapers.</subfield></datafield><datafield ind1=" " ind2="7" tag="655"><subfield code="a">Newspapers.</subfield><subfield code="2">fast</subfield><subfield code="0">(OCoLC)fst01423814</subfield></datafield><datafield ind1=" " ind2="7" tag="651"><subfield code="a">Pennsylvania</subfield><subfield code="z">Lycoming County.</subfield><subfield code="2">fast</subfield><subfield code="0">(OCoLC)fst01208236</subfield></datafield><datafield ind1=" " ind2="7" tag="651"><subfield code="a">Pennsylvania</subfield><subfield code="z">Williamsport.</subfield><subfield code="2">fast</subfield><subfield code="0">(OCoLC)fst01203005</subfield></datafield><datafield ind1=" " ind2=" " tag="752"><subfield code="a">United States</subfield><subfield code="b">Pennsylvania</subfield><subfield code="c">Lycoming</subfield><subfield code="d">Williamsport.</subfield></datafield><datafield ind1="0" ind2="0" tag="780"><subfield code="t">Lycoming gazette, and chronicle</subfield><subfield code="w">(DLC)sn 86081671</subfield><subfield code="w">(OCoLC)13769395</subfield></datafield><datafield ind1="0" ind2="5" tag="780"><subfield code="t">West-Branch democrat</subfield><subfield code="g">Sept. 1865</subfield><subfield code="w">(DLC)sn 86081710</subfield><subfield code="w">(OCoLC)13871198</subfield></datafield><datafield ind1="0" ind2="0" tag="785"><subfield code="t">Daily gazette (Williamsport, Pa.)</subfield><subfield code="w">(DLC)sn 86081708</subfield><subfield code="w">(OCoLC)13869345</subfield></datafield></record>